<?xml version="1.0" encoding="UTF-8"?><collection xmlns="http://www.loc.gov/MARC21/slim"><record><leader>00735nam--2200205-i-4500</leader><controlfield tag="001">000016752</controlfield><controlfield tag="002">20161230</controlfield><controlfield tag="005">20161230201031</controlfield><controlfield tag="008">060222s1000------------r-----000-0-eng-d</controlfield><datafield ind1=" " ind2=" " tag="020"><subfield code="a">0521329728</subfield></datafield><datafield ind1=" " ind2=" " tag="040"><subfield code="a">IFIN-HH</subfield></datafield><datafield ind1=" " ind2=" " tag="080"><subfield code="a">535.14</subfield></datafield><datafield ind1="1" ind2=" " tag="100"><subfield code="a">Haake, Fritz</subfield></datafield><datafield ind1="1" ind2="0" tag="245"><subfield code="a">Coherence, cooperation and fluctuations</subfield><subfield code="b">Proceedings of the symposium on the occasion of the sixtieth birthday of professor roy j.glauber, harvard university, october 19, 1985</subfield><subfield code="c">FRITZ HAAKE; LORENZO M. NARDUCCI; DANIEL WALLS (Eds.)</subfield></datafield><datafield ind1=" " ind2=" " tag="260"><subfield code="a">SYDNEY</subfield><subfield code="b">Camridge University Press</subfield><subfield code="c">1986</subfield></datafield><datafield ind1=" " ind2=" " tag="300"><subfield code="a">456 P</subfield></datafield><datafield ind1=" " ind2=" " tag="490"><subfield code="a">Cambridge Studies In Modern Optics</subfield><subfield code="v">Vol. 5</subfield></datafield><datafield ind1="1" ind2=" " tag="700"><subfield code="a">Walls, Daniel</subfield><subfield code="e">Ed</subfield></datafield><datafield ind1=" " ind2=" " tag="852"><subfield code="a">74771</subfield><subfield code="c">535</subfield></datafield><datafield ind1=" " ind2=" " tag="CAT"><subfield code="a">Sys</subfield><subfield code="c">20101126</subfield><subfield code="h">103433</subfield></datafield></record></collection>